@article{Armbrust2010,
 author = {Armbrust, Michael and Fox, Armando and Griffith, Rean and Joseph, Anthony D. and Katz, Randy and Konwinski, Andy and Lee, Gunho and Patterson, David and Rabkin, Ariel and Stoica, Ion and Zaharia, Matei},
 title = {A View of Cloud Computing},
 journal = {Commun. ACM},
 issue_date = {April 2010},
 volume = {53},
 number = {4},
 month = apr,
 year = {2010},
 issn = {0001-0782},
 pages = {50--58},
 numpages = {9},
 url = {http://doi.acm.org/10.1145/1721654.1721672},
 doi = {10.1145/1721654.1721672},
 acmid = {1721672},
 publisher = {ACM},
 address = {New York, NY, USA},
}



@manual{babel,
	Author = {Johannes Braams},
	Date-Added = {2013-02-17 13:37:14 +0000},
	Date-Modified = {2013-02-17 13:38:38 +0000},
	Month = {April},
	Title = {Babel, a multilingual package for use with LATEX's standard document classes},
	Url = {http://mirrors.ctan.org/info/babel/babel.pdf},
	Urlaccessdate = {17.2.2013},
	Year = {2008}}
	
@manual{mpsbr,
	Author = {Softex},
	Date-Added = {2013-02-17 13:37:14 +0000},
	Date-Modified = {2013-02-17 13:38:38 +0000},
	Month = {Setembro},
	Title = {Guia de Implementacao - Parte 2: Fundamentacao para Implementacao do Nivel F do MR-MPS-SW:2012},
	Url = {http://www.softex.br/wp-content/uploads/2013/07/MPS.BR_Guia_de_Implementacao_Parte_2_2013.pdf},
	Urlaccessdate = {17.2.2013},
	Year = {2013}}	

@manual{abntex2modelo-artigo,
	Annote = {Este documento {\'e} derivado do \cite{abnt-bibtex-doc}},
	Author = {abnTeX2},
	Date-Added = {2013-01-15 00:10:35 +0000},
	Date-Modified = {2013-02-04 12:05:47 +0000},
	Organization = {Equipe abnTeX2},
	Title = {Modelo Can{\^o}nico de Artigo Cient{\'\i}fico com abnTeX2},
	Url = {http://abntex2.googlecode.com/},
	Year = {2013},
	Bdsk-Url-1 = {http://code.google.com/p/abntex2/}}

@manual{abntex2modelo-relatorio,
	Annote = {Este documento {\'e} derivado do \cite{abnt-bibtex-doc}},
	Author = {abnTeX2},
	Date-Added = {2013-01-15 00:05:34 +0000},
	Date-Modified = {2013-02-04 12:05:50 +0000},
	Organization = {Equipe abnTeX2},
	Title = {Modelo Can{\^o}nico de Relat{\'o}rio T{\'e}cnico e/ou Cient{\'\i}fico com abnTeX2},
	Url = {http://abntex2.googlecode.com/},
	Year = {2013},
	Bdsk-Url-1 = {http://code.google.com/p/abntex2/}}

@manual{abntex2modelo,
	Annote = {Este documento {\'e} derivado do \cite{abnt-bibtex-doc}},
	Author = {abnTeX2},
	Date-Added = {2013-01-12 22:55:32 +0000},
	Date-Modified = {2013-02-04 12:05:54 +0000},
	Organization = {Equipe abnTeX2},
	Title = {Modelo Can{\^o}nico de Trabalho Acad{\^e}mico com abnTeX2},
	Url = {http://abntex2.googlecode.com/},
	Year = {2013},
	Bdsk-Url-1 = {http://code.google.com/p/abntex2/}}

@mastersthesis{araujo2012,
	Address = {Bras{\'\i}lia},
	Author = {Lauro C{\'e}sar Araujo},
	Date-Added = {2013-01-09 11:04:42 +0000},
	Date-Modified = {2013-01-09 11:04:42 +0000},
	Month = {Mar{\c c}o},
	School = {Universidade de Bras{\'\i}lia},
	Title = {Configura{\c c}{\~a}o: uma perspectiva de Arquitetura da Informa{\c c}{\~a}o da Escola de Bras{\'\i}lia},
	Year = {2012}}
	
@mastersthesis{furlaneto2006,
	Address = {Blumenau},
	Author = {Rodrigo Furlaneto},
	Date-Added = {2013-01-09 11:04:42 +0000},
	Date-Modified = {2013-01-09 11:04:42 +0000},
	Month = {Dezembro},
	School = {Universidade Regional de Blumenau},
	Title = {FERRAMENTA DE APOIO A GER\^ENCIA  DE CONFIGURA\c{C}\~AO DE SOFTWARE},
	Year = {2006}}
@masterthesis{gleiph2011,
	Address = {Niter{\'\o}i},
	Author = {Gleiph Ghiotto Lima de Menezes},
	Date-Added = {2013-01-09 11:04:42 +0000},
	Date-Modified = {2013-01-09 11:04:42 +0000},
	Month = {Agosto},
	School = {Universidade Federal Fluminense},
	Title = {OURI{\c C}O:UMA ABORDAGEM PARA MANUTEN{\c C}{\~A}O DA CONSIST\^{E}NCIA EM REPOSIT\'{O}RIOS DE GER\^{E}NCIA DE CONFIGURA{\c C}\~{A}O},
	Year = {2011}}		
}	
	
@masterthesis{matheus2007,
	Address = {S{\~a}o Carlos},
	Author  = {Mateus Maida Paduelli},
	Date-Added = {2013-01-09 11:04:42 +0000},
	Date-Modified = {2013-01-09 11:04:42 +0000},
	Month = {Junho},
	School = {Universidade de S{\~a}o Paulo},
	Title = {Manuten{\c c}{\~a}o de Software: problemas t{\'\i}picos e diretrizes para uma disciplina espec{\'\i}fica},
	Year = {2007}}	



@manual{memoir,
	Address = {Normandy Park, WA},
	Author = {Peter Wilson and Lars Madsen},
	Date-Added = {2013-01-09 10:37:50 +0000},
	Date-Modified = {2013-01-09 10:37:50 +0000},
	Organization = {The Herries Press},
	Title = {The Memoir Class for Configurable Typesetting - User Guide},
	Url = {http://ctan.tche.br/macros/latex/contrib/memoir/memman.pdf},
	Urlaccessdate = {19.12.2012},
	Year = {2010},
	Bdsk-Url-1 = {http://ctan.tche.br/macros/latex/contrib/memoir/memman.pdf}}

@manual{abntex2cite-alf,
	Annote = {Este documento {\'e} derivado do \cite{abnt-bibtex-alf-doc}},
	Author = {abnTeX2},
	Date-Added = {2013-01-09 10:37:45 +0000},
	Date-Modified = {2013-02-04 12:05:41 +0000},
	Organization = {Equipe abnTeX2},
	Title = {Manual de uso do pacote abntex2cite: t{\'o}picos espec{\'\i}ficos da ABNT NBR 10520:2002 e o estilo bibliogr{\'a}fico alfab{\'e}tico (sistema autor-data},
	Url = {http://abntex2.googlecode.com/},
	Year = {2013},
	Bdsk-Url-1 = {http://code.google.com/p/abntex2/}}

@manual{abntex2cite,
	Annote = {Este documento {\'e} derivado do \cite{abnt-bibtex-doc}},
	Author = {abnTeX2},
	Date-Added = {2013-01-09 10:37:45 +0000},
	Date-Modified = {2013-02-04 12:05:44 +0000},
	Organization = {Equipe abnTeX2},
	Title = {Manual de uso dos estilos bibliogr{\'a}ficos do pacote abntex2: estilos bibtex compat{\'\i}veis com a ABNT NBR 6023:2000},
	Url = {http://abntex2.googlecode.com/},
	Year = {2013},
	Bdsk-Url-1 = {http://code.google.com/p/abntex2/}}

@manual{abntex2classe,
	Author = {abnTeX2},
	Date-Added = {2013-01-09 10:37:38 +0000},
	Date-Modified = {2013-02-04 12:05:39 +0000},
	Organization = {Equipe abnTeX2},
	Title = {A classe abntex2: Modelo can{\^o}nico de trabalhos acad{\^e}micos brasileiros compat{\'\i}vel com as normas ABNT NBR 14724:2011, ABNT NBR 6024:2012 e outras},
	Url = {http://abntex2.googlecode.com/},
	Year = {2013},
	Bdsk-Url-1 = {http://code.google.com/p/abntex2/}}

@manual{NBR10520:2002,
	Address = {Rio de Janeiro},
	Date-Added = {2012-12-15 21:43:38 +0000},
	Date-Modified = {2013-01-12 22:17:20 +0000},
	Month = aug,
	Org-Short = {ABNT},
	Organization = {Associa{\c c}\~ao Brasileira de Normas T\'ecnicas},
	Pages = 7,
	Subtitle = {Informa{\c c}\~ao e documenta{\c c}\~ao --- Apresenta{\c c}\~ao de cita{\c c}\~oes em documentos},
	Title = {{NBR} 10520},
	Year = 2002}

@manual{NBR6024:2012,
	Address = {Rio de Janeiro},
	Date-Added = {2012-12-15 21:24:06 +0000},
	Date-Modified = {2012-12-15 21:24:28 +0000},
	Month = feb,
	Org-Short = {ABNT},
	Organization = {Associa{\c c}\~ao Brasileira de Normas T\'ecnicas},
	Pages = 4,
	Subtitle = {Numera{\c c}\~ao progressiva das se{\c c}\~oes de um documento},
	Title = {{NBR} 6024},
	Year = 2012}

@manual{NBR6028:2003,
	Address = {Rio de Janeiro},
	Date-Added = {2012-12-15 21:02:12 +0000},
	Date-Modified = {2012-12-15 21:02:50 +0000},
	Month = nov,
	Org-Short = {ABNT},
	Organization = {Associa{\c c}\~ao Brasileira de Normas T\'ecnicas},
	Pages = 2,
	Subtitle = {Resumo - Apresenta{\c c}{\~a}o},
	Title = {{NBR} 6028},
	Year = 2003}

@manual{NBR14724:2002,
	Address = {Rio de Janeiro},
	Date-Added = {2012-12-15 20:34:17 +0000},
	Date-Modified = {2012-12-15 20:34:17 +0000},
	Month = aug,
	Note = {Substitui a Ref.~\citeonline{NBR14724:2001}},
	Org-Short = {ABNT},
	Organization = {Associa{\c c}\~ao Brasileira de Normas T\'ecnicas},
	Pages = 6,
	Subtitle = {Informa{\c c}\~ao e documenta{\c c}\~ao --- trabalhos acad\^emicos --- apresenta{\c c}\~ao},
	Title = {{NBR} 14724},
	Year = 2002}

@manual{NBR14724:2001,
	Address = {Rio de Janeiro},
	Date-Added = {2012-12-15 20:34:08 +0000},
	Date-Modified = {2012-12-15 20:34:08 +0000},
	Month = jul,
	Org-Short = {ABNT},
	Organization = {Associa{\c c}\~ao Brasileira de Normas T\'ecnicas},
	Pages = 6,
	Subtitle = {Informa{\c c}\~ao e documenta{\c c}\~ao --- trabalhos acad\^emicos --- apresenta{\c c}\~ao},
	Title = {{NBR} 14724},
	Year = 2001}

@manual{NBR14724:2011,
	Address = {Rio de Janeiro},
	Date-Added = {2012-12-15 20:34:08 +0000},
	Date-Modified = {2012-12-15 20:35:25 +0000},
	Month = mar,
	Note = {Substitui a Ref.~\citeonline{NBR14724:2005}},
	Org-Short = {ABNT},
	Organization = {Associa{\c c}\~ao Brasileira de Normas T\'ecnicas},
	Pages = 15,
	Subtitle = {Informa{\c c}\~ao e documenta{\c c}\~ao --- trabalhos acad\^emicos --- apresenta{\c c}\~ao},
	Title = {{NBR} 14724},
	Year = 2011}

@article{van86,
	Author = {{van}, Gigch, John P. and Leo L. Pipino},
	Journal = {Future Computing Systems},
	Number = {1},
	Pages = {71-97},
	Title = {In search for a paradigm for the discipline of information systems},
	Volume = {1},
	Year = {1986}}
	
@article{kawakami2005,
	Author = {Daniel Kawakami and Rosangela Penteado},
	Journal = {Workshop de Manuten{\c c}{\~a}o de Software Moderna},
	Number = {1},
	Pages = {1-17},
	Title = {Manuten{\c c}{\~a}o de Sistemas OO utilizando a OA},
	Year = {2005}}	
	
@article{sergio2005,
	Author = {S\'{e}rgio Cozzetti Bertoldi de Souza and Wesley Christian Gon√ßalves das Neves and Nicolas Anquetti and K\'{a}tia Mar{\c c}al de Oliveira},
	Journal = {Workshop de Manuten{\c c}{\~a}o de Software Moderna},
	Number = {1},
	Title = {Documenta{\c c}{\~a}o Essencial para  Manuten{\c c}{\~a}o de Software II},
	Year = {2005}}		
	
@article{poliana2005,
	Author = {Poliana A.C. de Oliveira and Maria Augusta V. Nelson},
	Journal = {Workshop de Manuten{\c c}{\~a}o de Software Moderna},
	Number = {1},
	Title = {Integra{\c c}{\~a}o de ferramentas para minimizar erros provenientes de efeitos colaterais inseridos durante a manuten{\c c}{\~a}o},
	Year = {2005}}		
	
@article{figueiredo2005,
	Author = {Savio Figueiredo and Ana Regina Rocha and Gleison Santos and Mariano Montoni and Ana Candida Natali},
	Journal = {Workshop de Manuten{\c c}{\~a}o de Software Moderna},
	Number = {1},
	Pages = {98-113},
	Title = {Apoio a Manuten{\c c}{\~a}o de Software atraves de Design Rationale em Ambientes de Manuten{\c c}{\~a}o de Software \textsc{TABA}},
	Year = {2005}}	
	
@article{npi2013,
	Author = {Enyo J. T. Gon{\c c}alves and Carla I. M. Bezerra and Camilo C. Almendra and Andreia L. Sampaio and Davi R. Vasconcelos},
	Journal = {XXXIII CONGRESSO DA SOCIEDADE BRASILEIRA DE COMPUTA{\c C}{\~A}O (WEI},
	Number = {1},
	Address = {Macei\'{o}},
	Pages = {601-610},
	Title = {N\'{u}cleo de Pr\'{a}ticas em Inform\'{a}tica: Contribuindo para a Forma{\c c}{\~a}o em Sistemas de Informa{\c c}{\~a}o Atrav\'{e}s do Desenvolvimento de Projetos de Software},
	Year = {2013}}	
	
	
	
@article{poliana2007,
	Author = {Savio Figueiredo and Ana Regina Rocha and Gleison Santos and Mariano Montoni and Ana Candida Natali},
	Journal = {Workshop de Manuten{\c c}{\~a}o de Software Moderna},
	Title = {Integra{\c c}{\√£}o de ferramentas para minimizar erros provenientes de efeitos colaterais inseridos durante a manuten{\c c}{\~a}o},
	Year = {2007}}		
	
	
@article{paul2005,
	Author = {Paul M. Duval},
	Journal = {DZone Refcardz},
	Number = {1},
	Pages = {1-6},
	Title = {Continuous Integration: Patterns and Anti-Patterns},
	year = {s.n}}		
	
@article{polo2002,
	Author = {Macario Polo and Mario Piattini and Francisco Ruiz},
	Journal = {Software Pratice and Experience},
	Pages = {1239-1260},
	Title = {Using a qualitative research method for building a software maintenance methodology },
	Year = {2002}}			

@article{durelli2005,
	Author = {Vinicius H. S. Durelli and Matheus C. Viana and Rosangela Ap. D. Penteado},
	Number = {1},
	Title = {Manuten{\c c}{\~a}o de Sistemas Desenvolvidos Utilizando Desenvolvimento Guiado por Testes}}		
	

@phdthesis{guizzardi2005,
	Address = {Enschede, The Netherlands},
	Author = {Giancarlo Guizzardi},
	Date-Added = {2012-04-23 11:35:28 +0000},
	Date-Modified = {2012-04-23 11:35:28 +0000},
	School = {Centre for Telematics and Information Technology, University of Twente},
	Title = {Ontological Foundations for Structural Conceptual Models},
	Url = {http://www.loa.istc.cnr.it/Guizzardi/SELMAS-CR.pdf},
	Urlaccessdate = {3.7.2011},
	Year = {2005},
	Bdsk-Url-1 = {http://www.loa.istc.cnr.it/Guizzardi/SELMAS-CR.pdf}}
	
@phdthesis{andrew2002,
	Address = {Ottawa, Canada},
	Author = {Andrew Forward},
	Date-Added = {2012-04-23 11:35:28 +0000},
	Date-Modified = {2012-04-23 11:35:28 +0000},
	School = {Ottawa-Carleton Institute for Computer Science, University of Ottawa},
	Title = {Software Documentation  - Building and Maintaing Artefacts of Communication},
	Url = {https://www.site.uottawa.ca/~tcl/gradtheses/aforward/aforward_thesis.pdf},
	Urlaccessdate = {31.3.2014},
	Year = {2002}}	

@mastersthesis{macedo2005,
	Author = {Fl{\'a}via L. Macedo},
	Date-Added = {2012-04-23 11:35:13 +0000},
	Date-Modified = {2012-04-23 11:35:13 +0000},
	Keywords = {arquitetura da informa{\c c}{\~a}o},
	School = {Universidade de Bras{\'\i}lia},
	Title = {Arquitetura da Informa{\c c}{\~a}o: aspectos espistemol{\'o}gicos, cient{\'\i}ficos e pr{\'a}ticos.},
	Type = {Disserta{\c c}{\~a}o de Mestrado},
	Year = {2005}}

@manual{EIA649B,
	Address = {EUA},
	Date-Added = {2012-04-23 11:34:59 +0000},
	Date-Modified = {2012-04-23 11:34:59 +0000},
	Keywords = {norma},
	Month = {June},
	Organization = {TechAmerica},
	Title = {ANSI/EIA 649-B: Configuration Management Standard},
	Year = {2011}}

@inproceedings{masolo2010,
	Author = {Claudio Masolo},
	Booktitle = {Proceedings of the Twelfth International Conference on the Principles of Knowledge Representation and Reasoning (KR 2010)},
	Date-Added = {2012-04-23 11:34:38 +0000},
	Date-Modified = {2012-04-23 11:34:38 +0000},
	Editor = {Lin, F. and Sattler, U.},
	Pages = {258-268},
	Publisher = {AAAI Press},
	Title = {Understanding Ontological Levels},
	Url = {http://wiki.loa-cnr.it/Papers/kr10v0.7.pdf},
	Urlaccessdate = {2.1.2012},
	Year = {2010},
	Bdsk-Url-1 = {http://wiki.loa-cnr.it/Papers/kr10v0.7.pdf}}
	


@article{fowler2000,
	author  = {Martin Fowler},
	month	= {Maio},
	year	= {2000},
	url		= {http://martinfowler.com/articles/continuousIntegration.html}
}

@article{fowler2000,
	author  = {Martin Fowler},
	month	= {Maio},
	year	= {2000},
	url		= {http://martinfowler.com/articles/continuousIntegration.html}
}

@article{tableless2012,
	author  = {Diego Eis},
	month	= {Janeiro},
	year	= {2012},
	url		= {http://tableless.com.br/introducao-das-premissas-dos-controles-de-versao/}
}

@article{git,
	author  = {GIT},
	year	= {S/N},
	url		= {http://git-scm.com/book/pt-br/Primeiros-passos-Sobre-Controle-de-Vers√£o}
}

@inbook{guarino1995,
	Address = {Vienna},
	Author = {Nicola Guarino},
	Booktitle = {Philosophy and the Cognitive Science},
	Date-Added = {2012-04-23 11:34:29 +0000},
	Date-Modified = {2012-04-23 11:34:29 +0000},
	Editor = {R. Casati and B. Smith and G. White},
	Month = {September},
	Pages = {443-456},
	Publisher = {Holder-Pivhler-Tempsky},
	Title = {The Ontological Level},
	Url = {http://wiki.loa-cnr.it/Papers/OntLev.pdf},
	Urlaccessdate = {2.1.2012},
	Year = {1995},
	Bdsk-Url-1 = {http://wiki.loa-cnr.it/Papers/OntLev.pdf}}

@incollection{bates2010,
	Address = {New York},
	Author = {Marcia J. Bates},
	Booktitle = {Encyclopedia of Library and Information Sciences},
	Date-Added = {2012-04-23 11:34:29 +0000},
	Date-Modified = {2012-04-23 11:34:29 +0000},
	Edition = {3rd},
	Editor = {Marcia J. Bates and Mary Niles Maack},
	Pages = {2347-2360},
	Publisher = {CRC Press},
	Title = {Information},
	Url = {http://pages.gseis.ucla.edu/faculty/bates/articles/information.html},
	Urlaccessdate = {24.10.2011},
	Volume = {3},
	Year = {2010},
	Bdsk-Url-1 = {http://pages.gseis.ucla.edu/faculty/bates/articles/information.html}}

@book{doxiadis1965,
	Author = {Constantinos A. Doxiadis},
	Date-Added = {2012-04-23 11:34:20 +0000},
	Date-Modified = {2012-04-23 11:34:20 +0000},
	Publisher = {Ceira - Coimbra},
	Title = {Arquitetura em Transi{\c c}{\~a}o},
	Year = {1965}}
	
@book{sommerville2011,
	author    = {Ian Sommerville},
	title     = {Engenharia de Software},
	publisher = {Pearson Education},
	year      = {2011},
	Edition   = {9},
	month	  = {Julho},
	pages 	  = {529},
	Note      = {ISBN 978-85-7936-108-1}
}

@book{pressman2010,
	author    = {Roger S. Pressman},
	title     = {Engenharia de Software},
	publisher = {Pearson Education},
	year      = {2010},
	month	  = {Fevereiro},
	pages 	  = {1056},
	Note      = {ISBN 978-85-346-0237-2}
}

@book{pigoski1997,
	author    = {Thomas M. Pigoski},
	title     = {Pratical Software Maintenance},
	publisher = {Wiley},
	year      = {1997},
	Edition   = {1},
	month	  = {November},
	pages 	  = {400},
	Note      = {ISBN 978-0471170013}
}

@book{paul2007,
	author	  = {Paul M. Duval and Steve Matyas and Andrew Glover},
	title	  = {Continuos Integration: Improving Software Quality and Reducing Risk},
	publisher = {Pearson Education},
	year	  = {2007},
	Edition	  = {1},
	Note	  = {ISBN 978-0-321-33638-5}
}	

@book{dewey1980,
	Address = {New York, NY, USA},
	Author = {John Dewey},
	Date-Added = {2012-04-23 11:34:16 +0000},
	Date-Modified = {2012-04-23 11:34:16 +0000},
	Publisher = {Perigee Books},
	Title = {Art as Experience},
	Year = {1980}}
	

}

@book{lientz1980,
	Address = {Reading, MA, USA},
	Author = {Bennett P. Lientz and E. Burton Swanson},
	Date-Added = {2012-04-23 11:34:16 +0000},
	Date-Modified = {2012-04-23 11:34:16 +0000},
	Publisher = {Addison-Wesley},
	Title = {Software Maintenance Management},
	Year = {1980}

}
	
@book{pfleeger2001,
		Address = {New Jersey, USA},
		Author = {Shari Lawrence Pfleeger},
		Date-Added = {2012-04-23 11:34:16 +0000},
		Date-Modified = {2012-04-23 11:34:16 +0000},
		Publisher = {Presentice Hall},
		Title = {Software Engineering: Theory and Practice},
		Year = {2001}
}